@article{DBLP:journals/corr/abs-1204-1336,
  author    = {Mohammad Sazzadul Hoque and
               Md. Abdul Mukit and
               Md. Abu Naser Bikas},
  title     = {An Implementation of Intrusion Detection System Using Genetic
               Algorithm},
  journal   = {CoRR},
  volume    = {abs/1204.1336},
  year      = {2012},
  ee        = {http://arxiv.org/abs/1204.1336},
  bibsource = {DBLP, http://dblp.uni-trier.de},
  note={\emph{This is one of my main sources, and talks about using IDS with a genetic algorithm. It uses the KDD99 data set.}}
}

@INPROCEEDINGS{6496342,
author={Jongsuebsuk, P. and Wattanapongsakorn, N. and Charnsripinyo, C.},
booktitle={Information Networking (ICOIN), 2013 International Conference on},
title={Network intrusion detection with Fuzzy Genetic Algorithm for unknown attacks},
year={2013},
pages={1-5},
keywords={computer network security;fuzzy set theory;genetic algorithms;security of data;DoS attack;IDS;denial of service;detection rate;detection time;false alarm rate;fuzzy genetic algorithm;learning technique;network intrusion detection;probe attack;real-time intrusion detection system;unknown attacks;IDS;fuzzy genetic algorithm;network intrustion detection;unknown detection},
doi={10.1109/ICOIN.2013.6496342},
ISSN={1976-7684},
  note={\emph{This is one of my main sources, and talks about using IDS with fuzzy logic and genetic algorithms. It uses a newer data set (RLD09).}}
}

@InCollection{bc1_ecindm,
  author =       "Shelly X. Wu and Wolfgang Banzhaf",
  title =        "The Use of Evolutionary Computation in Knowledge
                 Discovery: The Example of Intrusion Detection Systems",
  booktitle =    "Knowledge Mining using Intelligent Agents",
  publisher =    "WorldSciBook",
  year =         "2010",
  editor =       "Satchidananda Dehuri and Sung-Bae Cho",
  volume =       "6",
  series =       "Advances in Computer Science and Engineering",
  chapter =      "2",
  pages =        "27--59",
  month =        dec,
  keywords =     "genetic algorithms, genetic programming",
  isbn13 =       "9781848163874",
  URL =          "http://ebooks.worldscinet.com/ISBN/9781848163874/9781848163874_0002.html",
  doi =          "doi:10.1142/9781848163874_0002",
  note={\emph{I may use this as a main source, or use it for background information.}}
}

@article{Liao201316,
title = "Intrusion detection system: A comprehensive review ",
journal = "Journal of Network and Computer Applications ",
volume = "36",
number = "1",
pages = "16 - 24",
year = "2013",
issn = "1084-8045",
doi = "http://dx.doi.org/10.1016/j.jnca.2012.09.004",
url = "http://www.sciencedirect.com/science/article/pii/S1084804512001944",
author = "Hung-Jen Liao and Chun-Hung Richard Lin and Ying-Chih Lin and Kuang-Yuan Tung",
keywords = "Intrusion detection",
keywords = "Anomaly",
keywords = "Misuse ",
note={\emph{This is a good background source. It talks about detection methodologies, and it has pros and cons of them.}}
}

@article{DBLP:journals/corr/abs-1204-6416,
  author    = {Rajdeep Borgohain},
  title     = {FuGeIDS: Fuzzy Genetic paradigms in Intrusion Detection
               Systems},
  journal   = {CoRR},
  volume    = {abs/1204.6416},
  year      = {2012},
  ee        = {http://arxiv.org/abs/1204.6416},
  bibsource = {DBLP, http://dblp.uni-trier.de},
  note={\emph{This paper explains what fuzzy logic is, and also what genetic algorithms are.}}
}

@article{bapuji2012soft,
  title={Soft Computing and Artificial Intelligence Techniques for Intrusion Detection System},
  author={Bapuji, V and Kumar, R Naveen and Govardhan, A and Sarma, SSVN},
  journal={Network and Complex Systems},
  volume={2},
  number={4},
  pages={24--31},
  year={2012},
  note={\emph{This is a good background source. It talks about artificial intelligence and what an intrusion detection system is.}}
}

@article{Sangkatsanee20112227,
title = "Practical real-time intrusion detection using machine learning approaches ",
journal = "Computer Communications ",
volume = "34",
number = "18",
pages = "2227 - 2235",
year = "2011",
issn = "0140-3664",
doi = "http://dx.doi.org/10.1016/j.comcom.2011.07.001",
url = "http://www.sciencedirect.com/science/article/pii/S014036641100209X",
author = "Phurivit Sangkatsanee and Naruemon Wattanapongsakorn and Chalermpol Charnsripinyo",
keywords = "Network intrusion detection",
keywords = "Machine learning",
keywords = "Denial of Service",
keywords = "Probe ",
note={\emph{I won't be using this because it doesn't talk about genetic algorithms or fuzzy logic.}}
}

